<record><leader>00000cas a22000007a 4500</leader><controlfield tag="001">17899562</controlfield><controlfield tag="008">880505d19811984laucr ne      0    0eng d</controlfield><datafield ind1=" " ind2=" " tag="010"><subfield code="a">sn 88064396 </subfield></datafield><datafield ind1=" " ind2=" " tag="040"><subfield code="a">LNP</subfield><subfield code="b">eng</subfield><subfield code="c">LNP</subfield><subfield code="d">NSD</subfield><subfield code="d">LNP</subfield><subfield code="d">OCLCQ</subfield><subfield code="d">OCLCF</subfield><subfield code="d">OCLCO</subfield></datafield><datafield ind1="1" ind2=" " tag="029"><subfield code="a">AU@</subfield><subfield code="b">000020503163</subfield></datafield><datafield ind1=" " ind2=" " tag="042"><subfield code="a">msc</subfield></datafield><datafield ind1=" " ind2=" " tag="043"><subfield code="a">n-us-la</subfield></datafield><datafield ind1="0" ind2="0" tag="245"><subfield code="a">Plaquemine post Iberville south.</subfield></datafield><datafield ind1="1" ind2="7" tag="246"><subfield code="a">Post south</subfield></datafield><datafield ind1="3" ind2="0" tag="246"><subfield code="a">Plaquemine post the Iberville south</subfield></datafield><datafield ind1=" " ind2=" " tag="260"><subfield code="a">Plaquemine, La. :</subfield><subfield code="b">Plaquemine Pub.</subfield></datafield><datafield ind1=" " ind2=" " tag="310"><subfield code="a">Semiweekly</subfield></datafield><datafield ind1="0" ind2=" " tag="362"><subfield code="a">Vol. 25, no. 25 (Oct. 22, 1981)-v. 119, no. 10 (Mar. 19, 1984).</subfield></datafield><datafield ind1=" " ind2=" " tag="500"><subfield code="a">Title varies slightly: The Plaquemine post the Iberville south, Dec. 3, 1981-Mar. 19, 1984.</subfield></datafield><datafield ind1=" " ind2=" " tag="515"><subfield code="a">Continues the numbering of: Iberville south, except for the Thursday issues, Oct. 22, 1981-May 27, 1982, which continue the numbering of: Greater Plaquemine post.</subfield></datafield><datafield ind1=" " ind2="0" tag="651"><subfield code="a">Plaquemine (La.)</subfield><subfield code="v">Newspapers.</subfield></datafield><datafield ind1=" " ind2="7" tag="655"><subfield code="a">Newspapers.</subfield><subfield code="2">fast</subfield><subfield code="0">(OCoLC)fst01423814</subfield></datafield><datafield ind1=" " ind2="7" tag="651"><subfield code="a">Louisiana</subfield><subfield code="z">Plaquemine.</subfield><subfield code="2">fast</subfield><subfield code="0">(OCoLC)fst01219282</subfield></datafield><datafield ind1=" " ind2=" " tag="752"><subfield code="a">United States</subfield><subfield code="b">Louisiana</subfield><subfield code="c">Iberville</subfield><subfield code="d">Plaquemine.</subfield></datafield><datafield ind1="0" ind2="4" tag="780"><subfield code="t">Greater Plaquemine post</subfield><subfield code="w">(DLC)sn 88064395</subfield></datafield><datafield ind1="0" ind2="4" tag="780"><subfield code="t">Iberville south (Plaquemine, La. : 1936)</subfield><subfield code="w">(DLC)sn 88064394</subfield></datafield><datafield ind1="0" ind2="0" tag="785"><subfield code="t">Post south</subfield><subfield code="x">1053-5691</subfield><subfield code="w">(DLC)sn 88064397</subfield></datafield></record>